<?xml version="1.0" encoding="UTF-8"?>
<OAI-PMH xmlns="http://www.openarchives.org/OAI/2.0/" xmlns:xsi="http://www.w3.org/2001/XMLSchema-instance" xsi:schemaLocation="http://www.openarchives.org/OAI/2.0/ http://www.openarchives.org/OAI/2.0/OAI-PMH.xsd">
  <ListRecords>
    <record>
      <header>
        <identifier>aleph-publish:037129192</identifier>
      </header>
      <metadata>
        <record xmlns="http://www.ddb.de/professionell/mabxml/mabxml-1.xsd">
          <leader>00000nM2.01200024------u</leader>
          <controlfield tag="LDR">00000nM2.01200024------u</controlfield>
          <controlfield tag="FMT">MU</controlfield>
          <datafield tag="001" ind1="-" ind2="1">
            <subfield code="a">HT020936481</subfield>
          </datafield>
          <datafield tag="001" ind1="-" ind2="2">
            <subfield code="a">HT018714597</subfield>
          </datafield>
          <datafield tag="002" ind1="a" ind2="1">
            <subfield code="a">20210528</subfield>
          </datafield>
          <datafield tag="002" ind1="a" ind2="2">
            <subfield code="a">20150731</subfield>
          </datafield>
          <datafield tag="003" ind1="-" ind2="1">
            <subfield code="a">20220512</subfield>
          </datafield>
          <datafield tag="003" ind1="-" ind2="2">
            <subfield code="a">20211229120942</subfield>
          </datafield>
          <datafield tag="010" ind1="-" ind2="1">
            <subfield code="a">HT018714597</subfield>
          </datafield>
          <datafield tag="016" ind1="-" ind2="2">
            <subfield code="a">2832980-6</subfield>
          </datafield>
          <datafield tag="020" ind1="a" ind2="2">
            <subfield code="a">2830085-3</subfield>
            <subfield code="b">DNB</subfield>
          </datafield>
          <datafield tag="025" ind1="a" ind2="2">
            <subfield code="a">1074764129</subfield>
          </datafield>
          <datafield tag="025" ind1="z" ind2="2">
            <subfield code="a">2830085-3</subfield>
          </datafield>
          <datafield tag="025" ind1="o" ind2="2">
            <subfield code="a">1074441446</subfield>
          </datafield>
          <datafield tag="026" ind1="-" ind2="1">
            <subfield code="a">HBZHT020936481</subfield>
          </datafield>
          <datafield tag="026" ind1="-" ind2="2">
            <subfield code="a">ZDB2830085-3</subfield>
          </datafield>
          <controlfield tag="030">a|zur||||||||</controlfield>
          <datafield tag="036" ind1="a" ind2="1">
            <subfield code="a">XA-DE</subfield>
          </datafield>
          <datafield tag="036" ind1="a" ind2="2">
            <subfield code="a">XA-DE</subfield>
          </datafield>
          <datafield tag="037" ind1="b" ind2="1">
            <subfield code="a">ger</subfield>
          </datafield>
          <datafield tag="037" ind1="b" ind2="2">
            <subfield code="a">ger</subfield>
          </datafield>
          <controlfield tag="050">a|a|||||||||||</controlfield>
          <datafield tag="060" ind1="-" ind2="1">
            <subfield code="b">txt</subfield>
            <subfield code="a">Text</subfield>
          </datafield>
          <datafield tag="060" ind1="-" ind2="2">
            <subfield code="b">txt</subfield>
            <subfield code="a">Text</subfield>
          </datafield>
          <datafield tag="061" ind1="-" ind2="1">
            <subfield code="b">n</subfield>
            <subfield code="a">ohne Hilfsmittel zu benutzen</subfield>
          </datafield>
          <datafield tag="061" ind1="-" ind2="2">
            <subfield code="b">n</subfield>
            <subfield code="a">ohne Hilfsmittel zu benutzen</subfield>
          </datafield>
          <datafield tag="062" ind1="-" ind2="1">
            <subfield code="b">nc</subfield>
            <subfield code="a">Band</subfield>
          </datafield>
          <datafield tag="062" ind1="-" ind2="2">
            <subfield code="b">nc</subfield>
            <subfield code="a">Band</subfield>
          </datafield>
          <datafield tag="064" ind1="a" ind2="2">
            <subfield code="a">Zeitschrift</subfield>
            <subfield code="9">(DE-588)4067488-5</subfield>
          </datafield>
          <datafield tag="070" ind1="-" ind2="1">
            <subfield code="a">HBZ/ALMA-NZ</subfield>
          </datafield>
          <datafield tag="070" ind1="-" ind2="2">
            <subfield code="a">1241</subfield>
          </datafield>
          <datafield tag="070" ind1="a" ind2="1">
            <subfield code="a">DE-A96</subfield>
          </datafield>
          <datafield tag="070" ind1="a" ind2="2">
            <subfield code="a">DNB</subfield>
          </datafield>
          <datafield tag="070" ind1="b" ind2="1">
            <subfield code="a">743</subfield>
          </datafield>
          <datafield tag="070" ind1="b" ind2="2">
            <subfield code="a">9001</subfield>
          </datafield>
          <datafield tag="080" ind1="-" ind2="1">
            <subfield code="a">60</subfield>
          </datafield>
          <datafield tag="084" ind1="s" ind2="1">
            <subfield code="F">008</subfield>
            <subfield code="A">210528|2021####gw##|###|||#|#00|#|#ger#c</subfield>
          </datafield>
          <controlfield tag="089">2021. Teil 2</controlfield>
          <datafield tag="090" ind1="-" ind2="1">
            <subfield code="a">2021,2</subfield>
          </datafield>
          <datafield tag="200" ind1="-" ind2="2">
            <subfield code="k">Baukosteninformationszentrum Deutscher Architektenkammern</subfield>
            <subfield code="9">(DE-588)5253963-5</subfield>
          </datafield>
          <datafield tag="201" ind1="-" ind2="2">
            <subfield code="k">Baukosteninformationszentrum</subfield>
          </datafield>
          <datafield tag="201" ind1="-" ind2="2">
            <subfield code="k">BKI</subfield>
          </datafield>
          <datafield tag="201" ind1="-" ind2="2">
            <subfield code="k">Baukosteninformationszentrum Deutscher Architektenkammern GmbH</subfield>
          </datafield>
          <datafield tag="331" ind1="-" ind2="1">
            <subfield code="a">Statistische Kostenkennwerte für Bauelemente</subfield>
          </datafield>
          <datafield tag="331" ind1="-" ind2="2">
            <subfield code="a">BKI-Baukosten ... Neubau</subfield>
          </datafield>
          <datafield tag="359" ind1="-" ind2="2">
            <subfield code="a">BKI, Baukosteninformationszentrum (Hrsg.)</subfield>
          </datafield>
          <datafield tag="370" ind1="a" ind2="2">
            <subfield code="a">Statistische Kostenkennwerte für Gebäude</subfield>
          </datafield>
          <datafield tag="370" ind1="a" ind2="2">
            <subfield code="a">Statistische Kostenkennwerte für Bauelemente</subfield>
          </datafield>
          <datafield tag="370" ind1="a" ind2="2">
            <subfield code="a">Statistische Kostenkennwerte für Positionen</subfield>
          </datafield>
          <datafield tag="370" ind1="a" ind2="2">
            <subfield code="a">Baukosten Gebäude Neubau</subfield>
          </datafield>
          <datafield tag="370" ind1="a" ind2="2">
            <subfield code="a">Baukosten Bauelemente Neubau</subfield>
          </datafield>
          <datafield tag="370" ind1="a" ind2="2">
            <subfield code="a">Baukosten Positionen Neubau</subfield>
          </datafield>
          <datafield tag="405" ind1="-" ind2="2">
            <subfield code="a">2015 -</subfield>
          </datafield>
          <datafield tag="406" ind1="b" ind2="2">
            <subfield code="j">2015</subfield>
          </datafield>
          <datafield tag="419" ind1="-" ind2="1">
            <subfield code="c">2021</subfield>
          </datafield>
          <datafield tag="419" ind1="-" ind2="2">
            <subfield code="a">Stuttgart</subfield>
            <subfield code="b">BKI</subfield>
            <subfield code="c">2015-</subfield>
            <subfield code="A">3</subfield>
          </datafield>
          <datafield tag="425" ind1="b" ind2="2">
            <subfield code="a">2015</subfield>
          </datafield>
          <datafield tag="425" ind1="a" ind2="1">
            <subfield code="a">2021</subfield>
          </datafield>
          <datafield tag="433" ind1="-" ind2="1">
            <subfield code="a">612 Seiten</subfield>
          </datafield>
          <datafield tag="434" ind1="-" ind2="1">
            <subfield code="a">Illustrationen, Tabellen</subfield>
          </datafield>
          <datafield tag="435" ind1="-" ind2="2">
            <subfield code="a">21 cm</subfield>
          </datafield>
          <datafield tag="451" ind1="-" ind2="1">
            <subfield code="a">BKI-Baukosten ... Neubau ; 2</subfield>
          </datafield>
          <datafield tag="451" ind1="b" ind2="2">
            <subfield code="a">BKI-Kostenplanung</subfield>
          </datafield>
          <datafield tag="455" ind1="-" ind2="1">
            <subfield code="a">2</subfield>
          </datafield>
          <datafield tag="505" ind1="-" ind2="2">
            <subfield code="p">Nebent.:</subfield>
            <subfield code="a">Baukosten Gebäude Neubau</subfield>
          </datafield>
          <datafield tag="505" ind1="-" ind2="2">
            <subfield code="p">Nebent.:</subfield>
            <subfield code="a">Baukosten Bauelemente Neubau</subfield>
          </datafield>
          <datafield tag="505" ind1="-" ind2="2">
            <subfield code="p">Nebent.:</subfield>
            <subfield code="a">Baukosten Positionen Neubau</subfield>
          </datafield>
          <datafield tag="521" ind1="-" ind2="2">
            <subfield code="p">Inhaltl. Gliederung in Teil 1</subfield>
            <subfield code="a">Statistische Kostenkennwerte für Gebäude; Teil 2: Statistische Kostenkennwerte für Bauelemente; Teil 3: Statistische Kostenkennwerte für Positionen</subfield>
          </datafield>
          <datafield tag="523" ind1="-" ind2="2">
            <subfield code="a">Ersch. jährl.</subfield>
          </datafield>
          <datafield tag="537" ind1="-" ind2="2">
            <subfield code="a">Abl.(keine DA zu ZDB-Nr. 2890027-3; 30-03-17)</subfield>
          </datafield>
          <datafield tag="540" ind1="a" ind2="1">
            <subfield code="a">978-3-948-683-06-1</subfield>
          </datafield>
          <datafield tag="540" ind1="a" ind2="1">
            <subfield code="a">978-3-481-04276-9</subfield>
            <subfield code="b">ISBN aufgeklebt</subfield>
          </datafield>
          <datafield tag="574" ind1="-" ind2="2">
            <subfield code="a">15,B33</subfield>
          </datafield>
          <datafield tag="700" ind1="-" ind2="2">
            <subfield code="a">690</subfield>
            <subfield code="2">DNB</subfield>
          </datafield>
          <datafield tag="700" ind1="-" ind2="2">
            <subfield code="a">690</subfield>
            <subfield code="2">ZDB</subfield>
          </datafield>
          <datafield tag="705" ind1="a" ind2="2">
            <subfield code="a">692.5094305</subfield>
            <subfield code="e">DDC22ger</subfield>
          </datafield>
          <datafield tag="770" ind1="-" ind2="2">
            <subfield code="i">Supplement</subfield>
            <subfield code="a">Baukosteninformationszentrum Deutscher Architektenkammern</subfield>
            <subfield code="t">BKI Baukosten</subfield>
            <subfield code="d">Stuttgart : BKI Baukosteninformationszentrum Deutscher Architektenkammern, [2009]-</subfield>
            <subfield code="h">Karten</subfield>
            <subfield code="9">HT020252523</subfield>
          </datafield>
          <datafield tag="780" ind1="-" ind2="2">
            <subfield code="i">Vorg.:</subfield>
            <subfield code="a">Baukosteninformationszentrum Deutscher Architektenkammern</subfield>
            <subfield code="t">BKI-Baukosten</subfield>
            <subfield code="d">Stuttgart : BKI, 1998-2014</subfield>
            <subfield code="A">0</subfield>
            <subfield code="9">HT010911820</subfield>
          </datafield>
          <controlfield tag="SYS">037129192</controlfield>
          <datafield tag="LOW" ind1="-" ind2="1">
            <subfield code="a">R1007</subfield>
          </datafield>
          <datafield tag="LOW" ind1="-" ind2="1">
            <subfield code="a">K5001</subfield>
          </datafield>
          <datafield tag="LOW" ind1="-" ind2="1">
            <subfield code="a">L5001</subfield>
          </datafield>
          <datafield tag="LOW" ind1="-" ind2="1">
            <subfield code="a">T0012</subfield>
          </datafield>
          <datafield tag="LOW" ind1="-" ind2="1">
            <subfield code="a">B0001</subfield>
          </datafield>
          <datafield tag="088" ind1=" " ind2=" ">
            <subfield code="a">743</subfield>
            <subfield code="b">00020000</subfield>
            <subfield code="c">XBR190(2021)</subfield>
            <subfield code="e">ILL Ausleihe</subfield>
          </datafield>
          <datafield tag="088" ind1=" " ind2=" ">
            <subfield code="a">Tr 5</subfield>
            <subfield code="b">00000000</subfield>
            <subfield code="c">A 12/0024,2021,2</subfield>
            <subfield code="e">ILL Ausleihe</subfield>
          </datafield>
          <datafield tag="088" ind1=" " ind2=" ">
            <subfield code="a">294</subfield>
            <subfield code="b">00000034</subfield>
            <subfield code="c">WSA7543-2021,2</subfield>
            <subfield code="e">ILL Ausleihe</subfield>
          </datafield>
          <datafield tag="088" ind1=" " ind2=" ">
            <subfield code="a">832</subfield>
            <subfield code="b">00000000</subfield>
            <subfield code="c">XBR1535-2021,2</subfield>
            <subfield code="e">keine ILL</subfield>
          </datafield>
          <datafield tag="088" ind1=" " ind2=" ">
            <subfield code="a">832</subfield>
            <subfield code="b">00000000</subfield>
            <subfield code="c">XBR1535-2021,2</subfield>
            <subfield code="e">ILL Ausleihe</subfield>
          </datafield>
          <datafield tag="088" ind1=" " ind2=" ">
            <subfield code="a">A 96</subfield>
            <subfield code="b">BAY_F</subfield>
            <subfield code="c">11 XBS 53-2021,2</subfield>
            <subfield code="e">keine ILL</subfield>
          </datafield>
          <datafield tag="088" ind1=" " ind2=" ">
            <subfield code="a">467</subfield>
            <subfield code="c">52XBR5068-2021,2</subfield>
            <subfield code="e">keine Angabe</subfield>
          </datafield>
          <datafield tag="088" ind1=" " ind2=" ">
            <subfield code="a">Bm 40</subfield>
            <subfield code="c">RS 87-2-2021</subfield>
            <subfield code="e">keine Angabe</subfield>
          </datafield>
          <datafield tag="088" ind1=" " ind2=" ">
            <subfield code="a">82</subfield>
            <subfield code="c">01:ZI 3850 0003-2021,2</subfield>
            <subfield code="e">keine Angabe</subfield>
          </datafield>
          <datafield tag="088" ind1=" " ind2=" ">
            <subfield code="a">82/202</subfield>
            <subfield code="c">202:KC 700 BKI 2021 B F 2</subfield>
            <subfield code="e">keine Angabe</subfield>
          </datafield>
          <datafield tag="088" ind1=" " ind2=" ">
            <subfield code="a">A 96</subfield>
            <subfield code="b">BAY_F</subfield>
            <subfield code="c">11 XBS 53-2021,2</subfield>
            <subfield code="e">ILL Kopie+Ausl.</subfield>
          </datafield>
          <datafield tag="088" ind1=" " ind2=" ">
            <subfield code="a">290</subfield>
            <subfield code="b">F_BR</subfield>
            <subfield code="c">Xn 16803-2</subfield>
            <subfield code="e">keine ILL</subfield>
          </datafield>
          <datafield tag="088" ind1=" " ind2=" ">
            <subfield code="a">82</subfield>
            <subfield code="c">(1)62276</subfield>
            <subfield code="e">keine Angabe</subfield>
          </datafield>
          <datafield tag="088" ind1=" " ind2=" ">
            <subfield code="a">465</subfield>
            <subfield code="b">E31</subfield>
            <subfield code="c">XBR2028-2021,2</subfield>
            <subfield code="e">Ausleihbestand</subfield>
          </datafield>
          <datafield tag="088" ind1=" " ind2=" ">
            <subfield code="a">465</subfield>
            <subfield code="b">E31</subfield>
            <subfield code="c">XBR2028-2021,2</subfield>
            <subfield code="e">Dauerausleihe</subfield>
          </datafield>
          <datafield tag="088" ind1=" " ind2=" ">
            <subfield code="a">Dü 62</subfield>
            <subfield code="c">11 XBS 24 -2021,2,N</subfield>
            <subfield code="e">keine Angabe</subfield>
          </datafield>
          <datafield tag="088" ind1=" " ind2=" ">
            <subfield code="a">361/NT</subfield>
          </datafield>
          <datafield tag="088" ind1=" " ind2=" ">
            <subfield code="a">987</subfield>
          </datafield>
        </record>
      </metadata>
    </record>
  </ListRecords>
</OAI-PMH>
